% Encoding: windows-1252
%
% zwischen jedes bibitem MUSS eine Leerzeile
% (sonst funktionieren die Backrefs nicht)
%
@article{https://doi.org/10.1002/phbl.19990550608,
	author = {Tittel, Wolfgang and Brendel, Jürgen and Gisin, Nicolas and Ribordy, Grégoire and Zbinden, Hugo},
	title = {Quantenoptik: Quantenkryptographie: Die eigentümliche Natur der Quantenmechanik läßt sich für die Übertragung geheimer Nachrichten ausnutzen},
	journal = {Physikalische Blätter},
	volume = {55},
	number = {6},
	pages = {25-30},
	doi = {https://doi.org/10.1002/phbl.19990550608},
	url = {https://onlinelibrary.wiley.com/doi/abs/10.1002/phbl.19990550608},
	eprint = {https://onlinelibrary.wiley.com/doi/pdf/10.1002/phbl.19990550608},
	abstract = {Abstract Obwohl die Quantenmechanik sämtliche Gebiete der modernen Physik durchzieht, stoßen wir immer wieder auf Probleme, wenn wir ihre Vorhersagen mit unserer klassischen Anschauung zu verstehen versuchen. Seit einigen Jahren geht der Trend dahin, die seltsam anmutenden Eigenheiten der Quantenwelt - Nichtlokalität, Superpositionsprinzip, Unschärferelation - auszunutzen, um Dinge zu realisieren, die innerhalb der klassischen Physik unmöglich sind. Die Quanten-Informationsverarbeitung, auch Quantenkommunikation genannt, ist aus diesem Ansatz hervorgegangen; erste Demonstrationsexperimente zum Quantencomputer sowie Quantenkryptographie-Prototypen haben gezeigt, welches Potential diese Entwicklung birgt [1, 2]. In diesem Artikel verdeutlichen wir, wie die Grundprinzipien der Quantentheorie in der Quantenkryptographie zur Anwendung kommen.},
	year = {1999}
}

@article{Schroedinger1935,
  author    = {Erwin Schrödinger},
  title     = {Die gegenwärtige Situation in der Quantenmechanik},
  journal   = {Naturwissenschaften},
  year      = {1935},
  volume    = {23},
  number    = {48},
  pages     = {807--812},
  doi       = {10.1007/BF01491891},
  url       = {https://doi.org/10.1007/BF01491891},
  issn      = {1432-1904},
  month     = nov,
}

@article{Kaijser2008,
  author    = {Per Kaijser and Wernhard Markwitz},
  title     = {Quantenphysik und die Zukunft der Kryptographie},
  journal   = {Datenschutz und Datensicherheit - DuD},
  year      = {2008},
  volume    = {32},
  number    = {6},
  pages     = {396--399},
  doi       = {10.1007/s11623-008-0095-7},
  url       = {https://doi.org/10.1007/s11623-008-0095-7},
  issn      = {1862-2607},
  month     = jun,
  abstract  = {Der Beitrag fasst die Höhepunkte aus fast 2.500 Jahren Kryptographiegeschichte zusammen. Die Zeitachse zeigt, dass erst in letzten 50 Jahren drei wirklich revolutionäre Erfindungen erfolgten: Mitte der 70er Jahre wurde die Verschlüsselung mit öffentlichen Schlüsseln eingeführt. Danach wurden zwei Entdeckungen gemacht, die auf der Quantenphysik beruhen: Die Quanten-Kryptographie und der Quanten-Computer. Die Bedeutung dieser drei neuen Techniken für die Entwicklung und Zukunft der Kryptographie werden erläutert — und es wird gezeigt, warum diese drei als „Quantensprünge“ der Informationssicherheit betrachtet werden müssen.},
}


@article{frauenhofer2025,
	author    = {{Fraunhofer Gesellschaft}},
	title     = {Quantenkommunikation},
	year      = {2025},
	url       = {https://www.fraunhofer.de/de/forschung/artikel-2025/quantenforschung/quantenkommunikation.html},
	Lastchecked = {17.09.2025}
}

@Inbook{Hughes2021,
	author= {Hughes, Ciaran
	and Isaacson, Joshua
	and Perry, Anastasia
	and Sun, Ranbel F.
	and Turner, Jessica},
	title= {What Is a Qubit?},
	bookTitle= {Quantum Computing for the Quantum Curious},
	year= {2021},
	publisher= {Springer International Publishing},
	address= {Cham},
	pages= {7--16},
	abstract= {In classical computers, information is represented as the binary digits 0 or 1. These are called bits. For example, the number 1 in an 8-bit binary representation is written as 00000001. The number 2 is represented as 00000010. We place extra zeros in front to write every number with 8-bits total, which is called one byte. In fact, every classical computer translates these bits into the human readable information on your electronic device. The document you read or video you watch is encoded in the computer binary language in terms of these 1's and 0's. Computer hardware understands the 1-bit as an electrical current flowing through a wire (in a transistor) while the 0-bit is the absence of an electrical current in a wire. These electrical signals can be thought of as ``on'' (the 1-bit) or ``off'' (the 0-bit). Your computer then decodes the classical 1 or 0 bits into words or videos, etc.},
	isbn= {978-3-030-61601-4},
	doi= {10.1007/978-3-030-61601-4_2},
	url= {https://doi.org/10.1007/978-3-030-61601-4_2}
}

@article{Schumacher1995,
	title = {Quantum coding},
	author = {Schumacher, Benjamin},
	journal = {Phys. Rev. A},
	volume = {51},
	issue = {4},
	pages = {2738--2747},
	numpages = {0},
	year = {1995},
	month = {Apr},
	publisher = {American Physical Society},
	doi = {10.1103/PhysRevA.51.2738},
	url = {https://link.aps.org/doi/10.1103/PhysRevA.51.2738}
}

